@inproceedings{Calcagno07:LCS,
 author = {Cristiano Calcagno and Peter W. O'Hearn and Hongseok Yang},
 title = {Local Action and Abstract Separation Logic},
 booktitle = {Proceedings of LICS},
 year = {2007},
 isbn = {0-7695-2908-9},
 pages = {366--378},
 numpages = {13},
 url = {http://portal.acm.org/citation.cfm?id=1270399.1271718},
 doi = {10.1109/LICS.2007.30},
 acmid = {1271718},
}

@online{CoqIntro,
  author = {coq.inria.fr},
  title = {A short introduction to Coq},
  url = {http://coq.inria.fr/a-short-introduction-to-coq},
  urldate = {2013-05-12}
}

@online{JavaDataTypes,
  author = {Oracle},
  title = {Java Language Basics --- Primitive Data Types},
  url = {http://docs.oracle.com/javase/tutorial/java/nutsandbolts/datatypes.html},
  urldate = {2013-05-15}
}

@InProceedings{BirkedalL:veroop-conf,
  author = 	 {J. Bengtson and J.B. Jensen and F. Sieczkowski and L. Birkedal},
  title = 	 {Verifying object-oriented programs with higher-order separation logic in {Coq}},
  OPTcrossref =  {},
  OPTkey = 	 {},
  booktitle =	 {Proceedings of ITP},
  OPTpages = 	 {},
  year = 	 {2011},
  OPTeditor = 	 {},
  OPTvolume = 	 {},
  OPTnumber = 	 {},
  OPTseries = 	 {},
  OPTaddress = 	 {},
  month = 	 feb,
  OPTorganization = {},
  OPTpublisher = {},
  OPTannote = 	 {},
  pdf = {veroop-conf.pdf}
}

@INPROCEEDINGS{Reynolds02,
    author = {John Reynolds},
    title = {Separation Logic: A Logic for Shared Mutable Data Structures},
    booktitle = {},
    year = {2002},
    pages = {55--74},
    publisher = {IEEE Computer Society}
}